@misc{empa2017,
  citation-number = {1.},
  title = {Empa hdr image database},
  url = {http://www.empamedia.ethz.ch/hdrdatabase/.},
  note = {Accessed: 2017-08-26},
  language = {it}
}
@incollection{akyuz2013a,
  citation-number = {2.},
  author = {Akyuz, A.O. and Hadimli, K. and Aydinlilar, M. and Bloch, C.},
  title = {Style-based tone mapping for hdr images},
  pages = {23},
  publisher = {ACM},
  date = {2013},
  language = {en},
  booktitle = {SIGGRAPH Asia 2013 Technical Briefs}
}
@book{banterle2011a,
  citation-number = {3.},
  author = {Banterle, F. and Artusi, A. and Debattista, K. and Chalmers, A.},
  title = {Advanced High Dynamic Range Imaging: Theory and Practice},
  edition = {first edition edn},
  publisher = {CRC Press (AK Peters},
  date = {2011},
  language = {en},
  address = {Natick, MA}
}
@inproceedings{bay2006a,
  citation-number = {4.},
  author = {Bay, H. and Tuytelaars, T. and Van Gool, L.},
  title = {Surf: Speeded up robust features},
  pages = {404–417},
  publisher = {Springer},
  date = {2006},
  language = {en},
  booktitle = {European conference on computer vision}
}
@article{bhattacharyya1946a,
  citation-number = {5.},
  author = {Bhattacharyya, A.},
  title = {On a measure of divergence between two multinomial populations},
  pages = {401–406},
  date = {1946},
  language = {en},
  journal = {Sankhy ̄a: The Indian Journal of Statistics}
}
@book{chalmers2016a,
  citation-number = {6.},
  author = {Chalmers, A. and Campisi, P. and Shirley, P. and Olaizola},
  title = {I.G.: High dynamic range video: concepts, technologies and applications},
  publisher = {Academic Press},
  date = {2016},
  language = {en}
}
@inproceedings{dalal2005a,
  citation-number = {7.},
  author = {Dalal, N. and Triggs, B.},
  title = {Histograms of oriented gradients for human detection},
  volume = {CVPR’05), vol. 1},
  pages = {886–893},
  publisher = {IEEE Computer Society},
  date = {2005},
  language = {en},
  booktitle = {In: international Conference on computer vision & Pattern Recognition}
}
@inproceedings{debevec1997a,
  citation-number = {8.},
  author = {Debevec, P.E. and Malik, J.},
  title = {Recovering high dynamic range radiance maps from photographs},
  pages = {369–378},
  date = {1997},
  language = {en},
  booktitle = {SIGGRAPH 97 Conference Proceedings}
}
@inproceedings{donahue-a,
  citation-number = {9.},
  author = {Donahue, J. and Jia, Y. and Vinyals, O. and Hoffman, J. and Zhang, N. and Tzeng, E. and Darrell, T.},
  title = {Decaf: A deep convolutional activation feature for generic visual recognition},
  pages = {647–655 2014},
  language = {en},
  booktitle = {International conference on machine learning}
}
@article{drago2003a,
  citation-number = {10.},
  author = {Drago, F. and Myszkowski, K. and Annen, T. and Chiba, N.},
  title = {Adaptive logarithmic mapping for displaying high contrast scenes},
  volume = {22},
  pages = {419–426},
  publisher = {Wiley Online Library},
  date = {2003},
  language = {en},
  journal = {Computer Graphics Forum}
}
@article{durand2002a,
  citation-number = {11.},
  author = {Durand, F. and Dorsey, J.},
  title = {Fast bilateral filtering for the display of high-dynamic-range images},
  volume = {21},
  pages = {257–266},
  date = {2002},
  language = {en},
  journal = {ACM Transactions on Graphics},
  number = {3}
}
@inproceedings{fairchild2007a,
  citation-number = {12.},
  author = {Fairchild, M.D.},
  title = {The hdr photographic survey},
  pages = {233–238},
  publisher = {Society for Imaging Science and Technology},
  date = {2007},
  language = {en},
  booktitle = {Color and Imaging Conference}
}
@article{fattal2002a,
  citation-number = {13.},
  author = {Fattal, R. and Lischinski, D. and Werman, M.},
  title = {Gradient domain high dynamic range compression},
  volume = {21},
  pages = {249–256},
  date = {2002},
  language = {en},
  journal = {ACM Transactions on Graphics},
  number = {3}
}
@article{ferradans2011a,
  citation-number = {14.},
  author = {Ferradans, S. and Bertalmio, M. and Provenzi, E. and Caselles, V.},
  title = {An analysis of visual adaptation and contrast perception for tone mapping},
  volume = {33},
  pages = {2002–2012},
  date = {2011},
  language = {en},
  journal = {IEEE Transactions on Pattern Analysis and Machine Intelligence},
  number = {10}
}
@inproceedings{ferwerda1996a,
  citation-number = {15.},
  author = {Ferwerda, J.A. and Pattanaik, S. and Shirley, P. and Greenberg},
  title = {D.P.: A model of visual adaptation for realistic image synthesis},
  pages = {249–258},
  date = {1996},
  language = {en},
  booktitle = {SIGGRAPH 96 Conference Proceedings}
}
@article{frese1997a,
  citation-number = {16.},
  author = {Frese, T. and Bouman, C.A. and Allebach},
  title = {J.P.: Methodology for designing image similarity metrics based on human visual system models},
  volume = {II, vol. 3016},
  pages = {472–483},
  publisher = {International Society for Optics and Photonics},
  date = {1997},
  language = {en},
  journal = {Human Vision and Electronic Imaging}
}
@article{froehlich2014a,
  citation-number = {17.},
  author = {Froehlich, J. and Grandinetti, S. and Eberhardt, B. and Walter, S. and Schilling, A. and Brendel, H.},
  title = {Creating cinematic wide gamut hdr-video for the evaluation of tone mapping operators and hdr-displays},
  volume = {X, vol. 9023},
  pages = {90230},
  publisher = {International Society for Optics and Photonics},
  date = {2014},
  language = {en},
  journal = {Digital Photography}
}
@book{glassner1995a,
  citation-number = {18.},
  author = {Glassner},
  title = {A.S.: Principles of digital image synthesis},
  volume = {1, vol. 1},
  publisher = {Elsevier},
  date = {1995},
  language = {es}
}
@inproceedings{gordo2016a,
  citation-number = {19.},
  author = {},
  title = {Deep image retrieval: Learning global representations for image search},
  pages = {241–257},
  publisher = {Springer},
  date = {2016},
  language = {en},
  booktitle = {European conference on computer vision}
}
@article{grimaldi2019a,
  citation-number = {20.},
  author = {Grimaldi, A. and Kane, D. and Bertalmo, M.},
  title = {Statistics of natural images as a function of dynamic range},
  volume = {19},
  pages = {13–13},
  date = {2019},
  doi = {10.1167/19.2.13},
  language = {en},
  journal = {Journal of Vision},
  number = {2}
}
@inproceedings{he2016a,
  citation-number = {21.},
  author = {He, K. and Zhang, X. and Ren, S. and Sun, J.},
  title = {Deep residual learning for image recognition},
  pages = {770–778},
  date = {2016},
  language = {en},
  booktitle = {Proceedings of the IEEE conference on computer vision and pattern recognition}
}
@misc{iso2011a,
  citation-number = {22.},
  author = {ISO, E.},
  title = {11664-4 colorimetrypart 4: Cie 1976 l* a* b* colour space. CEN (European Committee for Standardization},
  date = {2011},
  language = {en},
  address = {Brussels, Belgium}
}
@article{kalantari2017a,
  citation-number = {23.},
  author = {Kalantari, N.K. and Ramamoorthi, R.},
  title = {Deep high dynamic range imaging of dynamic scenes},
  volume = {36},
  pages = {144},
  date = {2017},
  language = {nl},
  journal = {ACM Trans. Graph},
  number = {4}
}
@article{kleiman2016a,
  citation-number = {24.},
  author = {Kleiman, Y. and Goldberg, G. and Amsterdamer, Y. and Cohen-Or, D.},
  title = {Toward semantic image similarity from crowdsourced clustering},
  volume = {32},
  pages = {1045–1055},
  date = {2016},
  language = {en},
  journal = {The Visual Computer},
  number = {6-8}
}
@article{kl2011a,
  citation-number = {25.},
  author = {},
  volume = {20},
  date = {2011},
  language = {nl},
  journal = {Deimos–an open source image database.Radioengineering},
  number = {4}
}
@incollection{krizhevsky2012a,
  citation-number = {26.},
  author = {Krizhevsky, A. and Sutskever, I. and Hinton},
  title = {G.E.: Imagenet classification with deep convolutional neural networks},
  pages = {, 1097–1105},
  date = {2012},
  language = {en},
  booktitle = {Advances in neural information processing}
}
@book{larson1998a,
  citation-number = {27.},
  author = {Larson, G.W. and Shakespeare},
  title = {R.A.: Rendering with Radiance},
  publisher = {Morgan Kaufmann Publishers},
  date = {1998},
  language = {en}
}
@article{liu2007a,
  citation-number = {28.},
  author = {Liu, Y. and Zhang, D. and Lu, G. and Ma},
  title = {W.Y.: A survey of content-based image retrieval with high-level semantics},
  volume = {40},
  pages = {262–282},
  date = {2007},
  language = {en},
  journal = {Pattern recognition},
  number = {1}
}
@article{lowe2004a,
  citation-number = {29.},
  author = {Lowe, D.G.},
  title = {Distinctive image features from scaleinvariant keypoints},
  volume = {60},
  pages = {91–110},
  date = {2004},
  language = {en},
  journal = {International journal of computer vision},
  number = {2}
}
@article{lun2015a,
  citation-number = {30.},
  author = {Lun, Z. and Kalogerakis, E. and Sheffer},
  title = {A.: Elements of style: learning perceptual shape style similarity},
  volume = {34},
  date = {2015},
  language = {en},
  journal = {ACM Transactions on Graphics (TOG},
  number = {4}
}
@article{mai2011a,
  citation-number = {31.},
  author = {Mai, Z. and Mansour, H. and Mantiuk, R. and Nasiopoulos, P. and Ward, R. and Heidrich, W.},
  title = {Optimizing a tone curve for backward-compatible high dynamic range image and video compression},
  volume = {20},
  pages = {1558–1571},
  date = {2011},
  doi = {10.1109/TIP.2010.2095866},
  language = {en},
  journal = {IEEE Transactions on Image Processing},
  number = {6}
}
@article{mantiuk2007a,
  citation-number = {32.},
  author = {Mantiuk, R.},
  title = {High dynamic range imaging: towards the limits of the human visual perception},
  volume = {72},
  pages = {11–27},
  date = {2007},
  language = {de},
  journal = {Forsch. Wiss.Rechnen}
}
@article{mantiuk2008a,
  citation-number = {33.},
  author = {Mantiuk, R. and Daly, S. and Kerofsky, L.},
  title = {Display adaptive tone mapping},
  volume = {68},
  date = {2008},
  doi = {DOI},
  url = {http://doi.acm.org/10.1145/1360612.1360667.},
  pages = {1–68},
  language = {en},
  journal = {ACM Trans. Graph}
}
@article{mantiuk2009a,
  citation-number = {34.},
  author = {Mantiuk, R. and Heidrich},
  title = {W.: Visualizing high dynamic range images in a web browser},
  volume = {14},
  pages = {43–53},
  date = {2009},
  language = {nl},
  journal = {Journal of Graphics, GPU, and Game Tools},
  number = {1}
}
@article{mantiuk2006a,
  citation-number = {35.},
  author = {Mantiuk, R. and Myszkowski, K. and Seidel},
  title = {H.P.: A perceptual framework for contrast processing of high dynamic range images},
  volume = {3},
  pages = {286–308},
  date = {2006},
  language = {en},
  journal = {ACM Transactions on Applied Perception (TAP},
  number = {3}
}
@article{mantiuk2008b,
  citation-number = {36.},
  author = {Mantiuk, R. and Seidel},
  title = {H.P.: Modeling a generic tonemapping operator},
  volume = {27},
  pages = {699–708},
  date = {2008},
  language = {no},
  journal = {Computer Graphics Forum},
  number = {2}
}
@incollection{nemoto2015a,
  citation-number = {37.},
  author = {Nemoto, H. and Korshunov, P. and Hanhart, P. and Ebrahimi},
  title = {T.: Visual attention in ldr and hdr images},
  date = {2015},
  language = {en},
  booktitle = {9th International Workshop on Video Processing and Quality Metrics for Consumer Electronics (VPQM}
}
@article{neumann2006a,
  citation-number = {38.},
  author = {Neumann, D. and Gegenfurtner, K.R.},
  title = {Image retrieval and perceptual similarity},
  volume = {3},
  pages = {31–47},
  date = {2006},
  language = {en},
  journal = {ACM Transactions on Applied Perception (TAP},
  number = {1}
}
@article{oliva2001a,
  citation-number = {39.},
  author = {Oliva, A. and Torralba, A.},
  title = {Modeling the shape of the scene: A holistic representation of the spatial envelope},
  volume = {42},
  pages = {145–175},
  date = {2001},
  language = {en},
  journal = {International journal of computer vision},
  number = {3}
}
@article{parraga2018a,
  citation-number = {40.},
  author = {Parraga, C.A. and Otazu, X.},
  title = {Which tone-mapping operator is the best? a comparative study of perceptual quality},
  volume = {35},
  pages = {626–638},
  date = {2018},
  language = {en},
  journal = {JOSA A},
  number = {4}
}
@inproceedings{pattanaik2000a,
  citation-number = {41.},
  author = {Pattanaik, S.N. and Tumblin, J. and Yee, H. and Greenberg, D.P.},
  title = {Time-dependent visual adaptation for fast realistic image display},
  pages = {47–54},
  publisher = {ACM Press/Addison-Wesley Publishing Co},
  date = {2000},
  language = {en},
  booktitle = {Proceedings of the 27th annual conference on Computer graphics and interactive techniques}
}
@inproceedings{rawat2018a,
  citation-number = {42.},
  author = {Rawat, S. and Gairola, S. and Shah, R. and Narayanan, P.},
  title = {Find me a sky: A data-driven method for color-consistent sky search and replacement},
  pages = {216–228},
  publisher = {Springer},
  date = {2018},
  language = {en},
  booktitle = {International Conference on Multimedia Modeling}
}
@article{reinhard2005a,
  citation-number = {43.},
  author = {Reinhard, E. and Devlin, K.},
  title = {Dynamic range reduction inspired by photoreceptor physiology},
  volume = {11},
  pages = {13–24},
  date = {2005},
  language = {en},
  journal = {IEEE Transactions on Visualization and Computer Graphics},
  number = {1}
}
@article{reinhard2002a,
  citation-number = {44.},
  author = {Reinhard, E. and Stark, M. and Shirley, P. and Ferwerda, J.},
  title = {Photographic tone reproduction for digital images},
  volume = {21},
  pages = {267–276},
  date = {2002},
  language = {en},
  journal = {ACM Transactions on Graphics},
  number = {3}
}
@book{reinhard2010a,
  citation-number = {45.},
  author = {Reinhard, E. and Ward, G. and Pattanaik, S. and Debevec, P.},
  title = {High Dynamic Range Imaging: Acquisition, Display and Image-Based Lighting},
  edition = {second edition edn},
  publisher = {Morgan Kaufmann},
  date = {2010},
  language = {en},
  address = {San Francisco}
}
@incollection{rogowitz1998a,
  citation-number = {46.},
  author = {Rogowitz, B.E. and Frese, T. and Smith, J.R. and Bouman, C.A. and Kalin, E.B.},
  title = {Perceptual image similarity experiments},
  pages = {576–590},
  publisher = {International Society for Optics and Photonics},
  date = {1998},
  language = {en},
  booktitle = {Photonics West’98 Electronic Imaging}
}
@article{rubner2000a,
  citation-number = {47.},
  author = {Rubner, Y. and Tomasi, C. and Guibas, L.J.},
  title = {The earth mover’s distance as a metric for image retrieval},
  volume = {40},
  pages = {99–121},
  date = {2000},
  language = {en},
  journal = {International journal of computer vision},
  number = {2}
}
@article{russakovsky2015a,
  citation-number = {48.},
  author = {Russakovsky, O. and Deng, J. and Su, H. and Krause, J. and Satheesh, S. and Ma, S. and Huang, Z. and Karpathy, A. and Khosla, A. and Bernstein, M.},
  title = {Imagenet large scale visual recognition challenge},
  volume = {115},
  pages = {211–252},
  date = {2015},
  language = {en},
  journal = {International journal of computer vision},
  number = {3}
}
@inproceedings{saleh2015a,
  citation-number = {49.},
  author = {Saleh, B. and Dontcheva, M. and Hertzmann, A. and Liu, Z.},
  title = {Learning style similarity for searching infographics},
  pages = {59–64},
  publisher = {Canadian Information Processing Society},
  date = {2015},
  language = {en},
  booktitle = {Proceedings of the 41st graphics interface conference}
}
@article{seetzen2004a,
  citation-number = {50.},
  author = {Seetzen, H. and Heidrich, W. and Stuerzlinger, W. and Ward, G. and Whitehead, L. and Trentacoste, M. and Ghosh, A. and Vorozcovs, A.},
  title = {High dynamic range display systems},
  volume = {23},
  pages = {760–768},
  date = {2004},
  language = {en},
  journal = {ACM Transactions on Graphics},
  number = {3}
}
@article{sen2012a,
  citation-number = {51.},
  author = {Sen, P. and Kalantari, N.K. and Yaesoubi, M. and Darabi, S. and Goldman, D.B. and Shechtman, E.},
  title = {Robust patch-based hdr reconstruction of dynamic scenes},
  volume = {31},
  pages = {203},
  date = {2012},
  language = {en},
  journal = {ACM Trans. Graph},
  number = {6}
}
@inproceedings{sharma2015a,
  citation-number = {52.},
  author = {Sharma, M. and Ghosh, H.},
  title = {Histogram of gradient magnitudes: a rotation invariant texture-descriptor},
  pages = {4614–4618},
  publisher = {IEEE},
  date = {2015},
  language = {en},
  booktitle = {2015 IEEE International Conference on Image Processing (ICIP}
}
@article{simonyan2014a,
  citation-number = {53.},
  author = {Simonyan, K. and Zisserman, A.},
  title = {Very deep convolutional networks for large-scale image recognition},
  volume = {1409},
  date = {2014},
  doi = {URLhttp://arxiv.org/abs/1409.1556},
  language = {en},
  journal = {CoRR},
  number = {1556}
}
@misc{simonyan2014b,
  citation-number = {54.},
  author = {Simonyan, K. and Zisserman, A.},
  title = {Very deep convolutional networks for large-scale image recognition},
  note = {arXiv preprint arXiv:1409.1556},
  date = {2014},
  arxiv = {1409.1556},
  language = {en}
}
@inproceedings{szegedy2015a,
  citation-number = {55.},
  author = {Szegedy, C. and Liu, W. and Jia, Y. and Sermanet, P. and Reed, S. and Anguelov, D. and Erhan, D. and Vanhoucke, V. and Rabinovich, A.},
  title = {Going deeper with convolutions},
  pages = {1–9},
  date = {2015},
  language = {en},
  booktitle = {Proceedings of the IEEE conference on computer vision and pattern recognition}
}
@article{tocci2011a,
  citation-number = {56.},
  author = {Tocci, M.D. and Kiser, C. and Tocci, N. and Sen},
  title = {P.: A versatile HDR video production system},
  volume = {30},
  pages = {41},
  publisher = {ACM},
  date = {2011},
  language = {en},
  journal = {ACM Transactions on Graphics (TOG}
}
@article{tumblin1993a,
  citation-number = {57.},
  author = {Tumblin, J. and Rushmeier, H.},
  title = {Tone reproduction for computer generated images},
  volume = {13},
  pages = {42–48},
  date = {1993},
  language = {en},
  journal = {IEEE Computer Graphics and Applications},
  number = {6}
}
@inproceedings{wan2014a,
  citation-number = {58.},
  author = {Wan, J. and Wang, D. and Hoi, S.C.H. and Wu, P. and Zhu, J. and Zhang, Y. and Li, J.},
  title = {Deep learning for content-based image retrieval: A comprehensive study},
  pages = {157–166},
  publisher = {ACM},
  date = {2014},
  language = {en},
  booktitle = {Proceedings of the 22nd ACM international conference on Multimedia}
}
@article{ward1997a,
  citation-number = {59.},
  author = {Ward, G. and Rushmeier, H. and Piatko},
  title = {C.: A visibility matching tone reproduction operator for high dynamic range scenes},
  volume = {3},
  date = {1997},
  language = {en},
  journal = {IEEE Trans. on Visualization and Comp. Graphics},
  number = {4}
}
@article{yeganeh2012a,
  citation-number = {60.},
  author = {Yeganeh, H. and Wang, Z.},
  title = {Objective quality assessment of tone-mapped images},
  volume = {22},
  pages = {657–667},
  date = {2012},
  language = {en},
  journal = {IEEE Transactions on Image processing},
  number = {2}
}
@incollection{yosinski2014a,
  citation-number = {61.},
  author = {Yosinski, J. and Clune, J. and Bengio, Y. and Lipson, H.},
  title = {How transferable are features in deep neural networks?},
  pages = {3320–3328},
  date = {2014},
  language = {en},
  booktitle = {Advances in neural information processing systems}
}
@inproceedings{zhang2003a,
  citation-number = {62.},
  author = {Zhang, B. and Srihari, S.N.},
  title = {Properties of binary vector dissimilarity measures},
  volume = {1. Citeseer},
  date = {2003},
  language = {en},
  booktitle = {Proc. JCIS Intl Conf. Computer Vision, Pattern Recognition, and Image Processing}
}
@article{zhou2017a,
  citation-number = {63.},
  author = {Zhou, B. and Zhao, H. and Puig, X. and Fidler, S. and Barriuso, A. and Torralba, A.},
  title = {Scene parsing through ade20k dataset},
  date = {2017},
  language = {en},
  journal = {In:Proc. CVPR}
}